<record><leader>00000cas a22000007a 4500</leader><controlfield tag="001">11905796</controlfield><controlfield tag="008">850411d18201824paudr ne      0    0eng d</controlfield><datafield ind1=" " ind2=" " tag="010"><subfield code="a">sn 85025790 </subfield></datafield><datafield ind1=" " ind2=" " tag="040"><subfield code="a">NPX</subfield><subfield code="b">eng</subfield><subfield code="c">NPX</subfield><subfield code="d">NPH</subfield><subfield code="d">MGN</subfield><subfield code="d">NVK</subfield><subfield code="d">OCL</subfield><subfield code="d">OCLCQ</subfield><subfield code="d">DLC</subfield><subfield code="d">OCLCQ</subfield><subfield code="d">OCLCA</subfield><subfield code="d">OCLCF</subfield></datafield><datafield ind1=" " ind2=" " tag="042"><subfield code="a">msc</subfield></datafield><datafield ind1=" " ind2=" " tag="043"><subfield code="a">n-us-pa</subfield></datafield><datafield ind1="0" ind2=" " tag="130"><subfield code="a">American sentinel and mercantile advertiser (Philadelphia, Pa. : Daily)</subfield></datafield><datafield ind1="1" ind2="4" tag="245"><subfield code="a">The American sentinel and mercantile advertiser.</subfield></datafield><datafield ind1=" " ind2=" " tag="260"><subfield code="a">Philadelphia [Pa.] :</subfield><subfield code="b">Jacob Frick &amp; Co.,</subfield><subfield code="c">-1824.</subfield></datafield><datafield ind1=" " ind2=" " tag="300"><subfield code="a">v. :</subfield><subfield code="b">ill. (chiefly advertisements) ;</subfield><subfield code="c">55 cm.</subfield></datafield><datafield ind1=" " ind2=" " tag="310"><subfield code="a">Daily</subfield></datafield><datafield ind1="1" ind2=" " tag="362"><subfield code="a">Began in Aug. 1820.</subfield></datafield><datafield ind1="0" ind2=" " tag="362"><subfield code="a">-v. 8, no. 2335 (Mar. 6, 1824).</subfield></datafield><datafield ind1=" " ind2=" " tag="588"><subfield code="a">Description based on: Vol., no. 1326 (Dec. 5, 1820).</subfield></datafield><datafield ind1=" " ind2="0" tag="651"><subfield code="a">Philadelphia (Pa.)</subfield><subfield code="v">Newspapers.</subfield></datafield><datafield ind1=" " ind2="7" tag="655"><subfield code="a">Newspapers.</subfield><subfield code="2">fast</subfield><subfield code="0">(OCoLC)fst01423814</subfield></datafield><datafield ind1=" " ind2="7" tag="651"><subfield code="a">Pennsylvania</subfield><subfield code="z">Philadelphia.</subfield><subfield code="2">fast</subfield><subfield code="0">(OCoLC)fst01204170</subfield></datafield><datafield ind1="1" ind2=" " tag="700"><subfield code="a">Frick, Jacob.</subfield></datafield><datafield ind1=" " ind2=" " tag="752"><subfield code="a">United States</subfield><subfield code="b">Pennsylvania</subfield><subfield code="c">Philadelphia</subfield><subfield code="d">Philadelphia.</subfield></datafield><datafield ind1="0" ind2=" " tag="775"><subfield code="t">American sentinel (Philadelphia, Pa. : Weekly)</subfield><subfield code="w">(DLC)sn 83032319</subfield></datafield><datafield ind1="0" ind2=" " tag="775"><subfield code="t">American sentinel and mercantile advertiser (Philadelphia, Pa. : Triweekly)</subfield><subfield code="w">(DLC)sn 85025791</subfield></datafield><datafield ind1="0" ind2="0" tag="780"><subfield code="t">American centinel and mercantile advertiser (Philadelphia, Pa. : Daily)</subfield><subfield code="w">(DLC)sn 85025787</subfield></datafield><datafield ind1="0" ind2="0" tag="785"><subfield code="t">American sentinel (Philadelphia, Pa. : Daily)</subfield><subfield code="w">(DLC)sn 85025794</subfield></datafield></record>